@book{conway2012machine,
  added-at = {2013-02-01T11:16:32.000+0100},
  address = {Sebastopol, CA},
  author = {Conway, Drew and White, John Myles},
  biburl = {http://www.bibsonomy.org/bibtex/26412d980b80d6aa8945acb3e1bafb49a/folke},
  description = {Machine Learning for Hackers: Drew Conway, John Myles White: 9781449303716: Amazon.com: Books},
  interhash = {bdf6b8415a996aec3fdba8308d53fc2b},
  intrahash = {6412d980b80d6aa8945acb3e1bafb49a},
  isbn = {9781449303716 1449303714},
  keywords = {introduction learning machine},
  publisher = {O'Reilly Media},
  refid = {783384312},
  timestamp = {2013-02-01T11:16:32.000+0100},
  title = {Machine learning for hackers},
  url = {http://www.amazon.com/Machine-Learning-Hackers-Drew-Conway/dp/1449303714},
  year = 2012
}

@book{tveitoelemstatscomp,
  author = {Tveito A. Langtangen H.P. Nielsen B.F. Cai X.},
  publisher = {Springer},
  title = {Elements of Scientific Computing},
  year = 2010
}

@book{rokachdatamining,
  author = {Oded Maimon and Lior Rokach},
  publisher = {Springer},
  title = {The Data Mining and Knowledge Discovery Handbook},
  chapter = {15},
  url = {http://www.ise.bgu.ac.il/faculty/liorr/hbchap15.pdf},
  year = 2005
}

@book{nlppython,
  author = {Steven Bird},
  publisher = {OReilly},
  title = {Natural Language Processing with Python},
  url = {http://www.amazon.com/Natural-Language-Processing-Python-Steven/dp/0596516495/ref=pd_sim_b_1?ie=UTF8&refRID=0XKHDMKQA6N6K9W5ADBF},
  year = 2009
}

@misc{nntalebwebsite,
    author    = "Theano Development",
    title     = "Deep Learning Tutorial",
    note      = {\url{http://deeplearning.net/tutorial/}}
}


